%---------------------------------------------------------------------------%
%-                                                                         -%
%-                             Bibliography                                -%
%-                                                                         -%
%---------------------------------------------------------------------------%
@ARTICLE{liu2014entropy, 
author={M.Liu and O.Tuzel and S.Ramalingam and R.Chellappa}, 
journal={IEEE Transactions on Pattern Analysis and Machine Intelligence}, 
title={Entropy-Rate Clustering: Cluster Analysis via Maximizing a Submodular Function Subject to a Matroid Constraint}, 
year={2014}, 
volume={36}, 
number={1}, 
pages={99-112}, 
}

@INPROCEEDINGS{wang2010measuring, 
author={W.Wang and Y.Wang and Q.Huang and W.Gao}, 
booktitle={2010 IEEE Computer Society Conference on Computer Vision and Pattern Recognition}, 
title={Measuring visual saliency by Site Entropy Rate}, 
year={2010}, 
volume={}, 
number={}, 
pages={2368-2375}, 
}

@article{burnham2004multimodel,
author = {K.P.Burnham and D.R.Anderson},
title ={Multimodel Inference: Understanding AIC and BIC in Model Selection},
journal = {Sociological Methods \& Research},
volume = {33},
number = {2},
pages = {261-304},
year = {2004},
}

@article{harris1954distributional,
author = {Z.S.Harris},
title = {Distributional Structure},
journal = {WORD},
volume = {10},
number = {2-3},
pages = {146-162},
year  = {1954},
}

@inproceedings{liu2009topic,
author = {Y.Liu and A.Niculescu-Mizil and W.Gryc},
title = {Topic-link LDA: Joint models of topic and author community},
year = {2009},
month = {01},
pages = {84},
}

@inproceedings{shahaf2010connecting,
 author = {D.Shahaf and C.Guestrin},
 title = {Connecting the Dots Between News Articles},
 booktitle = {Proceedings of the 16th ACM SIGKDD International Conference on Knowledge Discovery and Data Mining},
 year = {2010},
 pages = {623--632},
 numpages = {10},
} 

@article{li2010towards,
  title = {Towards Design Principles for Optimal Transport Networks},
  author = {G.Li and S.D.S.Reis and A.A.Moreira and S.Havlin and H.E.Stanley and J.S.Andrade},
  journal = {Phys. Rev. Lett.},
  volume = {104},
  pages = {018701},
  numpages = {4},
  year = {2010},
}

@ARTICLE{rhee2011levywalk, 
author={I.Rhee and M.Shin and S.Hong and K.Lee and S.J.Kim and S.Chong}, 
journal={IEEE/ACM Transactions on Networking}, 
title={On the Levy-Walk Nature of Human Mobility}, 
year={2011}, 
volume={19}, 
number={3}, 
pages={630-643}, 
}

@inproceedings{viswanathan2001levy,
author = {G.M.Viswanathan and F.Bartumeus and S.V.Buldyrev and J.Catalan and U.L.Fulco and S.Havlin and M.G.E.da Luz and M.L.Lyra and E.P.Raposo and H.E.Stanley},
title = {Levy flight random searches in biological phenomena},
journal = {Physica A: Statistical Mechanics and its Applications},
year = {2001},
pages = {208-213},
volume = {314},
}

@article{perkins2014ascaling,
author = {T.Perkins and E.Foxall and L.Glass and R.Edwards},
title = {A scaling law for random walks on networks},
journal = {Nature communications},
year = {2014},
month = {10},
pages = {5121},
volume = {5},
}

@INPROCEEDINGS{li2007noise, 
author={Z.Li and J.Liu and S.Chen and X.Tang}, 
booktitle={2007 IEEE 11th International Conference on Computer Vision}, 
title={Noise Robust Spectral Clustering}, 
year={2007}, 
volume={}, 
number={}, 
pages={1-8}, 
}

@incollection{yang2012clustering,
author = {Z.Yang and T.Hao and O.Dikmen and X.Chen and E.Oja},
title = {Clustering by Nonnegative Matrix Factorization Using Graph Random Walk},
booktitle = {Advances in Neural Information Processing Systems 25},
pages = {1079--1087},
year = {2012},
}

@article{the2006hierarchical,
author = {Y.W.T and M.I.Jordan and M.J.Beal and D.M.Blei},
title = {Hierarchical Dirichlet Processes},
journal = {Journal of the American Statistical Association},
volume = {101},
number = {476},
pages = {1566-1581},
year  = {2006},
}

@inproceedings{xu2003document,
 author = {W.Xu and X.Liu and Y.Gong},
 title = {Document Clustering Based on Non-negative Matrix Factorization},
 booktitle = {Proceedings of the 26th Annual International ACM SIGIR Conference on Research and Development in Informaion Retrieval},
 year = {2003},
 pages = {267--273},
 numpages = {7},
} 

@inproceedings{liu2010graphshift,
 author = {H.Liu and S.Yan},
 title = {Robust Graph Mode Seeking by Graph Shift},
 booktitle = {Proceedings of the 27th International Conference on International Conference on Machine Learning},
 year = {2010},
 pages = {671--678},
 numpages = {8},,
} 

@INPROCEEDINGS{zhang2013cross, 
author={Y.Zhang and G.Li and L.Chu and S.Wang and W.Zhang and Q.Huang}, 
booktitle={2013 IEEE International Conference on Multimedia and Expo (ICME)}, 
title={Cross-media topic detection: A multi-modality fusion framework}, 
year={2013}, 
volume={}, 
number={}, 
pages={1-6}, 
}

@inproceedings{wang2008automatic,
 author = {C.Wang and M.Zhang, S.Ma and L.Ru},
 title = {Automatic Online News Issue Construction in Web Environment},
 booktitle = {Proceedings of the 17th International Conference on World Wide Web},
 year = {2008},
 pages = {457--466},
 numpages = {10},
} 

@Article{Oh2014multimedia,
author="S.Oh and S.McCloskey and I.Kim and A.Vahdat and K.J.Cannons and H.Hajimirsadeghi and G.Mori and A.G.A.Perera and M.Pandey and J.J.Corso",
title="Multimedia event detection with multimodal feature fusion and temporal concept localization",
journal="Machine Vision and Applications",
year="2014",
volume="25",
number="1",
pages="49--69",
}

@INPROCEEDINGS{jia2011learning, 
author={Y.Jia and M.Salzmann and T.Darrell}, 
booktitle={2011 International Conference on Computer Vision}, 
title={Learning cross-modality similarity for multinomial data}, 
year={2011}, 
volume={}, 
number={}, 
pages={2407-2414}, 
}

@inproceedings{Hofmann1999PLSA,
 author = {T.Hofmann},
 title = {Probabilistic Latent Semantic Analysis},
 booktitle = {Proceedings of the Fifteenth Conference on Uncertainty in Artificial Intelligence},
 year = {1999},
 pages = {289--296},
 numpages = {8},
} 

@ARTICLE{deerwester1990indexing,
    author = {S.Deerwester and S.T.Dumais and G.W.Furnas and T.K.Landauer and R.Harshman},
    title = {Indexing by latent semantic analysis},
    journal = {JOURNAL OF THE AMERICAN SOCIETY FOR INFORMATION SCIENCE},
    year = {1990},
    volume = {41},
    number = {6},
    pages = {391--407}
}

@article{salton1988tfidf,
 author = {G.Salton and C.Buckley},
 title = {Term-weighting Approaches in Automatic Text Retrieval},
 journal = {Inf. Process. Manage.},
 volume = {24},
 number = {5},
 year = {1988},
 pages = {513--523},
} 

@INPROCEEDINGS{jia2014web, 
author={F.Jia and J.Pang and W.Zhang and G.Li and C.Zhang and Q.Huang and Y.Liu}, 
booktitle={2014 IEEE International Conference on Multimedia and Expo (ICME)}, 
title={Web topic detection using a ranked clustering-like pattern across similarity cascades}, 
year={2014}, 
volume={}, 
number={}, 
pages={1-6}, 
}

@inproceedings{maurus2016skinny,
author = {S.Maurus and C.Plant},
title = {Skinny-dip: Clustering in a Sea of Noise},
year = {2016},
pages = {1055-1064},
}

@inproceedings{bojchevski2017RSC,
 author = {A.Bojchevski and Y.Matkovic and S.G\"{u}nnemann},
 title = {Robust Spectral Clustering for Noisy Data: Modeling Sparse Corruptions Improves Latent Embeddings},
 booktitle = {Proceedings of the 23rd ACM SIGKDD International Conference on Knowledge Discovery and Data Mining},
 year = {2017},
 pages = {737--746},
 numpages = {10},
} 

@INPROCEEDINGS{zhai2005tracking,
    author = {Y.Zhai and M.Shah},
    title = {Tracking News Stories Across Different Sources},
    booktitle = {Proceedings of the 13th Annual ACM International Conference on Multimedia},
    year = {2005},
    pages = {2-10},
    numpages = {9},
}

@ARTICLE{ponsporrata2007topics,
    author = "A.Pons-Porrata and R.Berlanga-Llavori and J.Ruiz-Shulcloper",
    title = "Topic discovery based on text mining techniques",
    journal = "Information Processing \& Management",
    volume = "43",
    number = "3",
    pages = "752-768",
    year = "2007",
}

@INPROCEEDINGS{yang1998astudy,
    author = {Y.Yangand T.Pierce and J.Carbonell},
    title = {A Study of Retrospective and On-line Event Detection},
    booktitle = {Proceedings of the 21st Annual International ACM SIGIR Conference on Research and Development in Information Retrieval},
    year = {1998},
    pages = {28-36},
} 

@INPROCEEDINGS{wxzhao2011comparing,
    author="W.X.Zhao and J,Jiang and J.Weng and J.He and E.-P.Lim and H.Yan and X.Li",
    title="Comparing Twitter and Traditional Media Using Topic Models",
    booktitle="Advances in Information Retrieval",
    year="2011",
    pages="338-349",
}

@BOOK{Allan2002Topic,
  author={J.Allan},
  title={Topic Detection and Tracking: Event-Based Information Organization},
  year={2002},
}

@ARTICLE{pang-2013-unsupervised,
  author={J.Pang and F.Jia and C.Zhang and W.Zhang and Q.Huang and B.Yin},
  journal={IEEE Transactions on Multimedia},
  title={Unsupervised Web Topic Detection Using A Ranked Clustering-like Pattern Across Similarity Cascades},
  year={2015},
  volume={17},
  number={6},
  pages={843-853},
}

@INPROCEEDINGS{zhang-2013-cross,
  author={Y.Zhang and G.Li and L.Chu and S.Wang and W.Zhang and Q.Huang},
  booktitle={2013 IEEE International Conference on Multimedia and Expo (ICME)},
  title={Cross-media topic detection: a multi-modality fusion framework},
  year={2013},
  volume={},
  number={},
  pages={1-6}, 
}

@ARTICLE{pang-tao-2016-lpd,
  author={J.Pang and F.Tao and C.Zhang and W.Zhang and Q.Huang and B.Yin},
  journal={IEEE Transactions on Multimedia},
  title={Robust Latent Poisson Deconvolution From Multiple Features for Web Topic Detection},
  year={2016},
  volume={18},
  number={12},
  pages={2482-2493},
}

@INPROCEEDINGS{allan-1998-TDT,
  author={J.Allan and J.Carbonell and G.Doddington and J.Yamron and others},
  title={Topic Detection and Tracking Pilot Study Final Report},
  booktitle={In Proceedings of the DARPA Broadcast News Transcription and Understanding Workshop},
  year={1998},
  pages={194--218},
}

@ARTICLE{pang-tao-2018-neurocomputing,
  author= {J.Pang and F.Tao and L.Li and Q.Huang and B.Yin and Q.Tian},
  title={A two-step approach to describing web topics via probable keywords and prototype images from background-removed similarities},
  journal={Neurocomputing},
  year={2018},
  pages={478-487},
  volume={275}
}

@ARTICLE{debatty-2016-fastonlineknn,
  author={T.Debatty and P.Michiardi and W.Mees},
  journal={CoRR},
  title={Fast Online k-nn Graph Building},
  year={2016},
}

@ARTICLE{hannah-2015-Stochastic,
  author={LA.Hannah},
  journal={International Encyclopedia of the Social and Behavioral Sciences},
  title={Stochastic Optimization},
  year={2015},
  volume={5},
  number={5},
  pages={473-481},
}

@ARTICLE{blei-lafferty-2007-correlatedtopicmodel,
  author={D.Blei and J.Lafferty},
  journal={Annals of Applied Sciences},
  title={A correlated topic model of science},
  year={2007},
  volume={1},
  pages={17-35},
}

@INPROCEEDINGS{putthividhy-2010-multimodalLDA,
  author={D.Putthividhy and HT.Attias and SS.Magarajan},
  title={Topic regression multi-modal latent dirichlet allocation for image annotation},
  booktitle={Computer Vision and Pattern Recognition},
  year={2010},
  volume={1},
  pages={3408-3415}
}

@ARTICLE{papadopoulos-2011-cluster,
  author={S.Papadopoulous and C.Zigkolis and Y.Kompatsiaris and A.Vakali},
  journal={IEEE Multimedia},
  title={Cluster-based landmark and event detection on tagged photo collections},
  year={2011},
  volume={18},
  number={1},
  pages={52-63}
}

@ARTICLE{blei-2003-LDA,
  author = {D.Blei and M.David and A.Ng and M.Jordan and J.Lafferty},
  journal = {Journal of machine learning research},
  title = {Latent dirichlet allocation},
  year = {2003},
  volume ={3},
  pages ={993-1022}
}

@INPROCEEDINGS{wu-2007-crosslingual,
  author={X.Wu and G.Hauptmann and C.Ngo},
  title={Novelty detection for crosslingual news story with visual duplicates and speech transcripts},
  booktitle={ACM Multimedia},
  year={2007},
  pages={168-177},
}

@ARTICLE{aiello-2013-sensing,
  author={LM.Aiello and G.Petkos and C.Martin and D.Corney and S.Papadopoulos and R.Skraba and A.Göker and I.Kompatsiaris and A.Jaimes},
  journal={IEEE Transactions on Multimedia},
  title={Sensing Trending Topics in Twitter},
  year={2013},
  volume={15},
  number={6},
  pages={1268-1282},
}

@ARTICLE{cao-2011-tracking,
  author={J.Cao and C.Ngo and Y.Zhang and J.Li},
  journal={IEEE Transactions on Circuits and Systems for Video Technology},
  title={Tracking Web Video Topics: Discovery, Visualization, and Monitoring},
  year={2011},
  volume={21},
  number={12},
  pages={1835-1846},
}

@INPROCEEDINGS{wang-2009-PLDA,
  author={Y.Wang and H.Bai and M.Stanton and W.Chen and E.Chang},
  title="PLDA: Parallel Latent Dirichlet Allocation for Large-Scale Applications",
  booktitle="Algorithmic Aspects in Information and Management",
  year={2009},
  volume={5564},
  pages={301-314},
}

@ARTICLE{chen-2015-WarpLDA,
  author={J.Chen and K.Li and J.Zhu and W.Chen},
  journal={Proceedings of the Vldb Endowment},
  title={WarpLDA: a cache efficient O(1) algorithm for latent dirichlet allocation},
  year={2015},
  volume={9},
  number={10},
  pages={744-755},
}

@ARTICLE{Liu-2011-PLDA+,
  author={Z.Liu and Y.Zhang and EY.Chang and M.Sun},
  journal={ACM Trans. Intell. Syst. Technol.},
  title={PLDA+: Parallel Latent Dirichlet Allocation with Data Placement and Pipeline Processing},
  year={2011},
  volume={2},
  number={3},
  pages={26:1--26:18},
} 

@INPROCEEDINGS{mairal-2013-optimization,
  author={J.Mairal},
  title={Optimization with First-Order Surrogate Functions},
  booktitle={ICML},
  year={2013},
}

@INPROCEEDINGS{johnson-2013-sgd-accelerating,
  title={Accelerating stochastic gradient descent using predictive variance reduction},
  author={R.Johnson and T.Zhang},
  booktitle={International Conference on Neural Information Processing Systems},
  year={2013},
  volume={1},
  pages={315-323},
}

@INPROCEEDINGS{Roux-2012-sgd-exponential,
 author={NL.Roux and M.Schmidt and F.Bach},
 title={A Stochastic Gradient Method with an Exponential Convergence Rate for Finite Training Sets},
 booktitle={International Conference on Neural Information Processing Systems},
 year={2012},
 volume={2},
 pages={2663--2671},
} 

@INPROCEEDINGS{Nitanda-2014-sgd-proximal,
  author={A.Nitanda},
  title={Stochastic Proximal Gradient Descent with Acceleration Techniques},
  booktitle={International Conference on Neural Information Processing Systems},
  year={2014},
  volume={2},
  pages={1574--1582},
}

@INPROCEEDINGS{xiao-2009-dualaveraging,
  author={L.Xiao},
  title={Dual Averaging Methods for Regularized Stochastic Learning and Online Optimization},
  booktitle={International Conference on Neural Information Processing Systems},
  year={2009},
  pages={2116-2124},
}

@ARTICLE{lange-2000-optimization,
  author={K.Lange and DR.Hunter and I.Yang},
  journal={Journal of Computational and Graphical Statistics},
  title={Optimization Transfer Using Surrogate Objective Functions},
  year={2000},
  volume={9},
  number={1},
  pages={1-20},
}

@ARTICLE{cappe-2009-online-EM,
  author={O.Cappé and E.Moulines},
  journal={Journal of the Royal Statistical Society},
  title={On‐line expectation-maximization algorithm for latent data models},
  year={2009},
  volume={71},
  number={3},
  pages={593-613},
}

@INPROCEEDINGS{neal-1998-view-EM,
  author={RM.Neal and GE.Hinton},
  title={A view of the EM algorithm that justifies incremental, sparse, and other variants},
  booktitle={Nato Advanced Study Institute on Learning in Graphical MODELS},
  year={1998},
  pages={355-368},
}

@ARTICLE{Wainwright-2008-variational-bayes,
  author={MJ.Wainwright and MI.Jordan.},
  journal={Foundations and Trends® in Machine Learning},
  title={Graphical Models, Exponential Families, and Variational Inference},
  year={2008},
  volume={1},
  number={1–2},
  pages={1-305},
}

@ARTICLE{beck-2009-fastshrinkage,
  author={A.Beck  and M.Teboulle},
  journal={Siam Journal on Imaging Sciences},
  title={A Fast Iterative Shrinkage-Thresholding Algorithm for Linear Inverse Problems},
  year={2009},
  volume={2},
  number={1},
  pages={183-202},
}

@ARTICLE{nesterov-2007-gradient,
  author={Y.Nesterov},
  journal={Core Discussion Papers},
  title={Gradient methods for minimizing composite objective function},
  year={2007},
  volume={140},
  number={1},
  pages={125-161},
}

@INPROCEEDINGS{mairal-2013-SMM,
  author={J.Mairal},
  title={Stochastic Majorization-minimization Algorithms for Large-scale Optimization},
  booktitle={International Conference on Neural Information Processing Systems},
  year={2013},
  volume={2},
  pages={2283--2291},
}

@INPROCEEDINGS{bottou-2007-tradeoffs,
  author={L.Bottou and O.Bousquet},
  title={The tradeoffs of large scale learning},
  booktitle={International Conference on Neural Information Processing Systems},
  year={2007},
  pages={161-168},
}

@ARTICLE{cao-2009-mcg,
  author={J.Cao and Y.Zhang and Y.Song and Z.Chen and X.Zhang and J.Li},
  title={Mcg-webv: A benchmark dataset for web video analysis},
  year={2009},
  volume={10},
}

@ARTICLE{sanchez-2013-fishervector,
  author={J.S\'{a}nchez and F.Perronnin and T.Mensink and J.Verbeek},
  journal={International Journal of Computer Vision},
  title={Image classification with the fisher vector: theory and practice},
  year={2013},
  volume={105},
  number={3},
  pages={222-245},
}

@ARTICLE{cheung-2003-similaritymeasure,
  author={SS.Cheung and A.Zakhor},
  journal={IEEE Transactions on Circuits and Systems for Video Technology},
  title={Efficient video similarity measurement with video signature},
  year={2003},
  volume={13},
  number={1},
  pages={59-74},
}

@INPROCEEDINGS{robertson-2004-simplebm25,
 author={S.Robertson and H.Zaragoza and M.Taylor},
 title={Simple BM25 Extension to Multiple Weighted Fields},
 booktitle={Proceedings of the Thirteenth ACM International Conference on Information and Knowledge Management},
 year={2004},
 pages={42-49},
}
%---------------------------------------------------------------------------%
