@misc{lin-chen-ma-2010,
author ={Lin, Zhouchen and Chen, Minming and Ma, Yi},
title ={The augmented lagrage multipler method for exact recovery of corrupted low-rank matrices},
howpublished ={arXiv preprint arXiv:1009.5055},
year ={2010},
}

@article{luo-arxiv-2010,
  title={On the linear convergence of the alternating direction method of multipliers},
  author={Hong, Mingyi and Luo, Zhi Quan},
  pages={1-35},
  year={2012},
}

@article{Cao-Ngo-Zhang-Li-2011,
  title={Tracking Web Video Topics: Discovery, Visualization, and Monitoring},
  author={Cao, Juan and Ngo, Chong Wah and Zhang, Yong Dong and Li, Jin Tao},
  journal={IEEE Transactions on Circuits  Systems for Video Technology},
  volume={21},
  number={12},
  pages={1835-1846},
  year={2011},
}

@inproceedings{lindsey2012,
  title={A phrase-discovering topic model using hierarchical Pitman-Yor processes},
  author={Lindsey, Robert V. and Iii, William P. Headden and Stipicevic, Michael J.},
  booktitle={Joint Conference on Empirical Methods in Natural Language Processing and Computational Natural Language Learning},
  pages={214-222},
  year={2012},
}

@inproceedings{mikolov-sutskever-chen-corrado-dean-word2vec-nips-2011,
  title={Distrubited representations of words and phrases and their compositionality},
  author={T Mikolov and T. Sutskever and K. Chen and G. Corrado and J. Dean},
  booktitle={Advances in Neural Information processing systems},
  pages={3111-3119},
  year={2013},
}


@inproceedings{ji-ye-apg-lipsich-coefficient-icml-09,
  author ={S. Ji and J. Ye},
  title = {An acclerated gradient method for trace norm minimization},
  booktitle={International Conference on Machine Learning},
  pages={457-464},
  year={2009},
}


@inproceedings{duchi-shwartz-projection-simplex-icml-08,
  author ={J. Duchi and S. Shwartz and Y. Singer and T. Chandra},
  title = {Efficient projections onto \emph{l}\({}_{\mbox{1}}\)-ball for learning in high dimensions},
  booktitle={International Conference on Machine Learning},
  pages={272-279},
  year={2008},
}

@inproceedings{guo-li-acl-link-tweetto-news-2013,
  title={Linking tweets to news: a framework to enrich short text data in social media},
  author={W. Guo and H. Li and H. Ji and M . Diab},
  booktitle={Annual meeting of the association for computational linguistics},
  pages={239-249},
  year={2013},
}

@inproceedings{wang2007topical,
  title={Topical N-Grams: Phrase and Topic Discovery, with an Application to Information Retrieval},
  author={Wang, Xuerui and Mccallum, Andrew and Wei, Xing},
  booktitle={Seventh IEEE International Conference on Data Mining},
  pages={697-702},
  year={2007},
}

@article{nesterov-apg-2005,
  title={Smooth iniminzation of nun smooth functions},
  author={Y. Nesterov},
  journal={Mathematical Programming},
  volume={103},
  pages={127-152},
  year={2005},
}

@article{featureselection-annealing-tpami-2017,
  title={Feature selection with annealing for computer vision and big data learning},
  author={A. Barbu and Y. Shen and L. Ding and G. Gramajo},
  journal={IEEE Trans. Pattern Analysis and Machine Intelligence},
  volume={39},
  number={2},
  pages={272-286},
  year={2017},
}

@article{ElKishky2014scalable,
  title={Scalable topical phrase mining from text corpora},
  author={El-Kishky, Ahmed and Song, Yanglei and Wang, Chi and Voss, Clare R and Han, Jiawei},
  journal={Proceedings of the Vldb Endowment},
  volume={8},
  number={3},
  pages={305-316},
  year={2014},
}

@inproceedings{zhao2011topical,
  title={Topical keyphrase extraction from Twitter},
  author={Zhao, Wayne Xin and Jiang, Jing and He, Jing and Song, Yang and Achananuparp, Palakorn and Lim, Ee Peng and Li, Xiaoming},
  booktitle={Meeting of the Association for Computational Linguistics: Human Language Technologies},
  pages={379-388},
  year={2011},
}

@inproceedings{chua2013automatic,
  title={Automatic Summarization of Events from Social Media},
  author={Chua, Freddy Chong Tat},
  year={2013},
}

@inproceedings{bian2013multimedia,
  title={Multimedia summarization for trending topics in microblogs},
  author={Bian, Jingwen and Yang, Yang and Chua, Tat Seng},
  booktitle={ACM International Conference on Conference on Information  Knowledge Management},
  pages={1807-1812},
  year={2013},
}


@inproceedings{lin2012generating,
  title={Generating event storylines from microblogs},
  author={Lin, Chen and Lin, Chun and Li, Jingxuan and Wang, Dingding and Chen, Yang and Li, Tao},
  booktitle={ACM International Conference on Information and Knowledge Management},
  pages={175-184},
  year={2012},
}



@inproceedings{schinas2015visual,
  title={Visual Event Summarization on Social Media using Topic Modelling and Graph-based Ranking Algorithms},
  author={Schinas, Manos and Papadopoulos, Symeon and Kompatsiaris, Yiannis and Mitkas, Pericles A},
  booktitle={The  ACM},
  pages={203-210},
  year={2015},
}

@article{Sanchez-ijcv-2013,
  title={Image Classification with the Fisher Vector: Theory and Practice},
  author={SÃ¡nchez, Jorge and Perronnin, Florent and Mensink, Thomas and Verbeek, Jakob},
  journal={International Journal of Computer Vision},
  volume={105},
  number={3},
  pages={222-245},
  year={2013},
}

@article{cheung-video-signature-tcsvt-2003,
  title={Efficient video similarity measurement with video signature},
  author={Cheung, Senching Samson and Zakhor, Avideh},
  journal={IEEE Transactions on Circuits  Systems for Video Technology},
  volume={13},
  number={1},
  pages={59-74},
  year={2003},
}

@article{boyd2011distributed,
  title={Distributed optimization and statistical learning via the alternating direction method of multipliers},
  author={Boyd, Stephen and Parikh, Neal and Chu, Eric and Peleato, Borja and Eckstein, Jonathan},
  journal={Foundations and Trends{\textregistered} in Machine Learning},
  volume={3},
  number={1},
  pages={1--122},
  year={2011},
  publisher={Now Publishers Inc.}
}

@article{pang2013unsupervised,
  title={Unsupervised Web Topic Detection Using A Ranked Clustering-Like Pattern Across Similarity Cascades},
  author={Pang, Junbiao and Jia, Fei and Zhang, Chunjie and Zhang, Weigang},
  journal={IEEE Transactions on Multimedia},
  volume={17},
  number={6},
  pages={1-1},
  year={2015},
}

@article{yang2012clustering,
  title={Clustering by Nonnegative Matrix Factorization Using Graph Random Walk},
  author={Yang, Zhirong and Hao, Tele and Dikmen, Onur and Chen, Xi and Oja, Erkki},
  journal={Advances in Neural Information Processing Systems},
  pages={1079-1087},
  year={2012},
}

@article{boyd2011distributed,
  title={Distributed Optimization and Statistical Learning via the Alternating Direction Method of Multipliers},
  author={Boyd, Stephen and Parikh, Neal and Chu, Eric and Peleato, Borja and Eckstein, Jonathan},
  journal={Foundations  Trends in Machine Learning},
  volume={3},
  number={3},
  pages={1-122},
  year={2011},
}

@article{givoni2009binary,
  title={A binary variable model for affinity propagation.},
  author={Givoni, I. E. and Frey, B. J.},
  journal={Neural Computation},
  volume={21},
  number={6},
  pages={1589-1600},
  year={2009},
}

@article{blei-jmlr-03,
  title={Latent dirichlet allocation},
  author={Blei, David M and Ng, Andrew Y and Jordan, Michael I},
  journal={Journal of Machine Learning Research},
  volume={3},
  pages={993-1022},
  year={2003},
}

@inproceedings{nichols2012summarizing,
  title={Summarizing sporting events using twitter},
  author={Nichols, Jeffrey and Mahmud, Jalal and Drews, Clemens},
  booktitle={Acm International Conference on Intelligent User Interfaces},
  pages={189-198},
  year={2012},
}

@inproceedings{ren2013personalized,
  title={Personalized time-aware tweets summarization},
  author={Ren, Zhaochun and Liang, Shangsong and Meij, Edgar and Rijke, Maarten De},
  booktitle={International ACM SIGIR Conference on Research and Development in Information Retrieval},
  pages={513-522},
  year={2013},
}

@article{kosala2000web,
  title={Web mining research: a survey},
  author={Kosala, Raymond and Blockeel, Hendrik},
  journal={Acm Sigkdd Explorations Newsletter},
  volume={2},
  number={1},
  pages={1-15},
  year={2000},
}

@inproceedings{lee2001NMF,
  title={Algorithms for Non-negative Matrix Factorization},
  author={Lee, Daniel D. and Seung, H. Sebastian},
  booktitle={NIPS},
  pages={556--562},
  year={2000},
}

@inproceedings{newman2011improving,
  title={Improving topic coherence with regularized topic models},
  author={Newman, David and Bonilla, Edwin V and Buntine, Wray},
  booktitle={Advances in Neural Information Processing Systems},
  pages={496-504},
  year={2011},
}

@inproceedings{yks-icme,
  title={Cross-media topic detection: A multi-modality fusion framework},
  author={Zhang, Yanyan and Li, Guorong and Chu, Lingyang and Wang, Shuhui},
  booktitle={IEEE International Conference on Multimedia and Expo},
  pages={1-6},
  year={2013},
}

@article{everingham-ijcv-2010,
  title={The Pascal Visual Object Classes (VOC) Challenge},
  author={Everingham, Mark},
  journal={International Journal of Computer Vision},
  volume={88},
  number={2},
  pages={303-338},
  year={2010},
}

@inproceedings{jia2014web,
  title={Web topic detection using a ranked clustering-like pattern across similarity cascades},
  author={Jia, Fei and Pang, Junbiao and Zhang, Weigang and Li, Guorong},
  booktitle={IEEE International Conference on Multimedia and Expo},
  pages={1-6},
  year={2014},
}




@inproceedings{hasan2014automatic,
  title={Automatic Keyphrase Extraction: A Survey of the State of the Art},
  author={Hasan, Kazi Saidul and Ng, Vincent},
  booktitle={Meeting of the Association for Computational Linguistics},
  pages={1262-1273},
  year={2014},
}



@inproceedings{wang2013phrase,
  title={A phrase mining framework for recursive construction of a topical hierarchy},
  author={Wang, Chi and Danilevsky, Marina and Desai, Nihit and Zhang, Yinan and Nguyen, Phuong and Taula, Thrivikrama and Han, Jiawei},
  booktitle={ACM SIGKDD International Conference on Knowledge Discovery and Data Mining},
  pages={437-445},
  year={2013},
}


@article{blei2009visualizing,
  title={Visualizing Topics with Multi-Word Expressions},
  author={Blei, David M. and Lafferty, John D.},
  journal={Statistics},
  year={2009},
}


@article{cheng2014btm,
  title={BTM: Topic Modeling over Short Texts},
  author={Cheng, Xueqi and Yan, Xiaohui and Lan, Yanyan and Guo, Jiafeng},
  journal={IEEE Transactions on Knowledge  Data Engineering},
  volume={26},
  number={12},
  pages={2928-2941},
  year={2014},
}


@inproceedings{yan2015probabilistic,
  title={A Probabilistic Model for Bursty Topic Discovery in Microblogs},
  author={Yan, Xiaohui and Guo, Jiafeng and Lan, Yanyan and Xu, Jun and Cheng, Xueqi},
  booktitle={AAAI},
  year={2015},
}


@article{meladianos2015degeneracy,
  title={Degeneracy-based Real-Time Sub-Event Detection in Twitter Stream},
  author={Meladianos, Polykarpos},
  year={2015},
}



@article{bian2015multimedia,
  title={Multimedia Summarization for Social Events in Microblog Stream},
  author={Bian, Jingwen and Yang, Yang and Zhang, Hanwang and Chua, Tat Seng},
  journal={IEEE Transactions on Multimedia},
  volume={17},
  number={2},
  pages={216-228},
  year={2015},
}


@article{wang2015summarization,
  title={On Summarization and Timeline Generation for Evolutionary Tweet Streams},
  author={Wang, Zhenhua and Shou, Lidan and Chen, Ke and Chen, Gang and Mehrotra, Sharad},
  journal={IEEE Transactions on Knowledge  Data Engineering},
  volume={27},
  number={5},
  pages={1301-1315},
  year={2015},
}



@article{chen2015search,
  title={Search engine reinforced semi-supervised classification and graph-based summarization of microblogs},
  author={Chen, Yan and Zhang, Xiaoming and Li, Zhoujun and Ng, Jun Ping},
  journal={Neurocomputing},
  volume={152},
  number={C},
  pages={274-286},
  year={2015},
}

@inproceedings{mcparlane2014picture,
  title={Picture the scene by Visually Summarising Social Media Events},
  author={Mcparlane, Philip J and Mcminn, Andrew James and Jose, Joemon M},
  booktitle={ACM International Conference on Conference on Information and Knowledge Management},
  pages={1459-1468},
  year={2014},
}


@inproceedings{rosen2004author,
  title={The author-topic model for authors and documents},
  author={Rosen-Zvi, Michal and Griffiths, Thomas and Steyvers, Mark and Smyth, Padhraic},
  booktitle={Conference on Uncertainty in Artificial Intelligence},
  pages={487-494},
  year={2004},
}


@article{cao2016web,
  title={Web video topics discovery and structuralization with social network},
  author={Cao, Juan and Zhang, Yongdong and Ji, Rongrong and Xie, Fei and Su, Yu},
  journal={Neurocomputing},
  volume={172},
  number={C},
  pages={53-63},
  year={2015},
}




@article{NIPS2007_3328,
  title={Supervised Topic Models},
  author={Blei, David M. and Mcauliffe, Jon D.},
  journal={Advances in Neural Information Processing Systems},
  volume={3},
  pages={327-332},
  year={2010},
}


@inproceedings{lee2001algorithms,
  title={Algorithms for Non-negative Matrix Factorization},
  author={Lee, Daniel D. and Seung, H. Sebastian},
  booktitle={NIPS},
  pages={556--562},
  year={2000},
}
